@incollection{Martin-Lof-1979,
	Author = {Martin-L{\"o}f, Per},
	Booktitle = {Logic, Methodology and Philosophy of Science VI, Proceedings of the Sixth International Congress of Logic, Methodology and Philosophy of Science, Hannover 1979},
        Editor = {L. Jonathan Cohen and Jerzy {Łoś} and Helmut Pfeiffer and Klaus-Peter Podewski},
	Doi = {10.1016/S0049-237X(09)70189-2},
	Mrclass = {03F50 (03B70 03F55 68Q45)},
	Mrnumber = {682410 (85d:03112)},
	Mrreviewer = {B. H. Mayoh},
	Pages = {153--175},
	Publisher = {North-Holland},
	Series = {Studies in Logic and the Foundations of Mathematics},
	Title = {Constructive mathematics and computer programming},
	Url = {http://dx.doi.org/10.1016/S0049-237X(09)70189-2},
	Volume = 104,
	Year = 1982}

@book{PFPL,
 author = {Harper, Robert},
 title = {Practical Foundations for Programming Languages},
 year = {2012},
 isbn = {1107029570, 9781107029576},
 publisher = {Cambridge University Press},
 address = {New York, NY, USA},
}

@article{Harper-Licata-2007,
 author = {Harper, Robert and Licata, Daniel R.},
 title = {Mechanizing Metatheory in a Logical Framework},
 journal = {J. Funct. Program.},
 issue_date = {July 2007},
 volume = {17},
 number = {4-5},
 month = jul,
 year = {2007},
 issn = {0956-7968},
 pages = {613--673},
 numpages = {61},
 url = {http://dx.doi.org/10.1017/S0956796807006430},
 doi = {10.1017/S0956796807006430},
 acmid = {1296842},
 publisher = {Cambridge University Press},
 address = {New York, NY, USA},
}

@article{Crary:2009:ECL:1496389.1496404,
 author = {Crary, Karl},
 title = {Explicit Contexts in LF (Extended Abstract)},
 journal = {Electron. Notes Theor. Comput. Sci.},
 issue_date = {January, 2009},
 volume = {228},
 month = jan,
 year = {2009},
 issn = {1571-0661},
 pages = {53--68},
 numpages = {16},
 url = {http://dx.doi.org/10.1016/j.entcs.2008.12.116},
 doi = {10.1016/j.entcs.2008.12.116},
 acmid = {1496404},
 publisher = {Elsevier Science Publishers B. V.},
 address = {Amsterdam, The Netherlands, The Netherlands},
 keywords = {LF, Twelf, dependent types},
}

@inproceedings{Lee:2007:TMM:1190216.1190245,
 author = {Lee, Daniel K. and Crary, Karl and Harper, Robert},
 title = {Towards a Mechanized Metatheory of Standard ML},
 booktitle = {Proceedings of the 34th Annual ACM SIGPLAN-SIGACT Symposium on Principles of Programming Languages},
 series = {POPL '07},
 year = {2007},
 isbn = {1-59593-575-4},
 location = {Nice, France},
 pages = {173--184},
 numpages = {12},
 url = {http://doi.acm.org/10.1145/1190216.1190245},
 doi = {10.1145/1190216.1190245},
 acmid = {1190245},
 publisher = {ACM},
 address = {New York, NY, USA},
 keywords = {language definitions, logical frameworks, mechanized metatheory, standard ML, twelf, type safety},
}

@ARTICLE{Bruijn91telescopicmappings,
    author = {N. G. De Bruijn},
    title = {Telescopic mappings in typed lambda calculus},
    journal = {Information and Computation},
    year = {1991},
    volume = {91},
    pages = {189--204}
}

